@article{baker2016reproducibility,
  title={Reproducibility crisis},
  author={Baker, Monya},
  journal={Nature},
  volume={533},
  number={26},
  pages={353--66},
  year={2016}
}

